%YAML 1.1
%TAG !u! tag:unity3d.com,2011:
--- !u!65 &3773558904287086454
BoxCollider:
  m_ObjectHideFlags: 0
  m_CorrespondingSourceObject: {fileID: 0}
  m_PrefabInstance: {fileID: 0}
  m_PrefabAsset: {fileID: 0}
  m_GameObject: {fileID: 1510946002954799828}
  m_Material: {fileID: 13400000, guid: 883fbc4fc24d73940b8593336d17714e, type: 2}
  m_IsTrigger: 0
  m_Enabled: 1
  serializedVersion: 2
  m_Size: {x: 1.1885513, y: 1.5949359, z: 0.47430968}
  m_Center: {x: 0, y: -0.081138514, z: 0.23795494}
--- !u!1 &1750187746565537095
GameObject:
  m_ObjectHideFlags: 0
  m_CorrespondingSourceObject: {fileID: 0}
  m_PrefabInstance: {fileID: 0}
  m_PrefabAsset: {fileID: 0}
  serializedVersion: 6
  m_Component:
  - component: {fileID: 3759480821789857208}
  - component: {fileID: 6764596462513594330}
  - component: {fileID: 4204430097773457475}
  m_Layer: 11
  m_Name: ProductHolder
  m_TagString: Untagged
  m_Icon: {fileID: 0}
  m_NavMeshLayer: 0
  m_StaticEditorFlags: 0
  m_IsActive: 1
--- !u!4 &3759480821789857208
Transform:
  m_ObjectHideFlags: 0
  m_CorrespondingSourceObject: {fileID: 0}
  m_PrefabInstance: {fileID: 0}
  m_PrefabAsset: {fileID: 0}
  m_GameObject: {fileID: 1750187746565537095}
  m_LocalRotation: {x: -0, y: -0, z: -0, w: 1}
  m_LocalPosition: {x: 0, y: 0, z: 0}
  m_LocalScale: {x: 1, y: 1, z: 1}
  m_Children: []
  m_Father: {fileID: 3139566884874038443}
  m_RootOrder: 0
  m_LocalEulerAnglesHint: {x: 0, y: 0, z: 0}
--- !u!33 &6764596462513594330
MeshFilter:
  m_ObjectHideFlags: 0
  m_CorrespondingSourceObject: {fileID: 0}
  m_PrefabInstance: {fileID: 0}
  m_PrefabAsset: {fileID: 0}
  m_GameObject: {fileID: 1750187746565537095}
  m_Mesh: {fileID: 10202, guid: 0000000000000000e000000000000000, type: 0}
--- !u!23 &4204430097773457475
MeshRenderer:
  m_ObjectHideFlags: 0
  m_CorrespondingSourceObject: {fileID: 0}
  m_PrefabInstance: {fileID: 0}
  m_PrefabAsset: {fileID: 0}
  m_GameObject: {fileID: 1750187746565537095}
  m_Enabled: 0
  m_CastShadows: 1
  m_ReceiveShadows: 1
  m_DynamicOccludee: 1
  m_MotionVectors: 1
  m_LightProbeUsage: 1
  m_ReflectionProbeUsage: 1
  m_RayTracingMode: 2
  m_RayTraceProcedural: 0
  m_RenderingLayerMask: 1
  m_RendererPriority: 0
  m_Materials:
  - {fileID: 10303, guid: 0000000000000000f000000000000000, type: 0}
  m_StaticBatchInfo:
    firstSubMesh: 0
    subMeshCount: 0
  m_StaticBatchRoot: {fileID: 0}
  m_ProbeAnchor: {fileID: 0}
  m_LightProbeVolumeOverride: {fileID: 0}
  m_ScaleInLightmap: 1
  m_ReceiveGI: 1
  m_PreserveUVs: 0
  m_IgnoreNormalsForChartDetection: 0
  m_ImportantGI: 0
  m_StitchLightmapSeams: 1
  m_SelectedEditorRenderState: 3
  m_MinimumChartSize: 4
  m_AutoUVMaxDistance: 0.5
  m_AutoUVMaxAngle: 89
  m_LightmapParameters: {fileID: 0}
  m_SortingLayerID: 0
  m_SortingLayer: 0
  m_SortingOrder: 0
  m_AdditionalVertexStreams: {fileID: 0}
--- !u!1 &2174730290963673228
GameObject:
  m_ObjectHideFlags: 0
  m_CorrespondingSourceObject: {fileID: 0}
  m_PrefabInstance: {fileID: 0}
  m_PrefabAsset: {fileID: 0}
  serializedVersion: 6
  m_Component:
  - component: {fileID: 507991481651851800}
  - component: {fileID: 4316267709135868560}
  - component: {fileID: 2184658328233270547}
  - component: {fileID: 2477803869029410677}
  m_Layer: 11
  m_Name: Product Checker
  m_TagString: Untagged
  m_Icon: {fileID: 0}
  m_NavMeshLayer: 0
  m_StaticEditorFlags: 0
  m_IsActive: 1
--- !u!4 &507991481651851800
Transform:
  m_ObjectHideFlags: 0
  m_CorrespondingSourceObject: {fileID: 0}
  m_PrefabInstance: {fileID: 0}
  m_PrefabAsset: {fileID: 0}
  m_GameObject: {fileID: 2174730290963673228}
  m_LocalRotation: {x: 0, y: 0, z: 0, w: 1}
  m_LocalPosition: {x: -0.388, y: 0.006, z: 1.48}
  m_LocalScale: {x: 1, y: 1, z: 1}
  m_Children: []
  m_Father: {fileID: 1416704773050589524}
  m_RootOrder: 6
  m_LocalEulerAnglesHint: {x: 0, y: 0, z: 0}
--- !u!114 &4316267709135868560
MonoBehaviour:
  m_ObjectHideFlags: 0
  m_CorrespondingSourceObject: {fileID: 0}
  m_PrefabInstance: {fileID: 0}
  m_PrefabAsset: {fileID: 0}
  m_GameObject: {fileID: 2174730290963673228}
  m_Enabled: 1
  m_EditorHideFlags: 0
  m_Script: {fileID: 11500000, guid: 1e82add81baeed0498996a36d5674772, type: 3}
  m_Name: 
  m_EditorClassIdentifier: 
--- !u!33 &2184658328233270547
MeshFilter:
  m_ObjectHideFlags: 0
  m_CorrespondingSourceObject: {fileID: 0}
  m_PrefabInstance: {fileID: 0}
  m_PrefabAsset: {fileID: 0}
  m_GameObject: {fileID: 2174730290963673228}
  m_Mesh: {fileID: 10202, guid: 0000000000000000e000000000000000, type: 0}
--- !u!135 &2477803869029410677
SphereCollider:
  m_ObjectHideFlags: 0
  m_CorrespondingSourceObject: {fileID: 0}
  m_PrefabInstance: {fileID: 0}
  m_PrefabAsset: {fileID: 0}
  m_GameObject: {fileID: 2174730290963673228}
  m_Material: {fileID: 0}
  m_IsTrigger: 1
  m_Enabled: 1
  serializedVersion: 2
  m_Radius: 1.5
  m_Center: {x: 0.3697708, y: -0.043655567, z: 0.18963464}
--- !u!1 &2787728112112928333
GameObject:
  m_ObjectHideFlags: 0
  m_CorrespondingSourceObject: {fileID: 0}
  m_PrefabInstance: {fileID: 0}
  m_PrefabAsset: {fileID: 0}
  serializedVersion: 6
  m_Component:
  - component: {fileID: 1231067055339491653}
  - component: {fileID: 4124016185649751386}
  m_Layer: 11
  m_Name: Collider (1)
  m_TagString: CartCollider
  m_Icon: {fileID: 0}
  m_NavMeshLayer: 0
  m_StaticEditorFlags: 0
  m_IsActive: 1
--- !u!4 &1231067055339491653
Transform:
  m_ObjectHideFlags: 0
  m_CorrespondingSourceObject: {fileID: 0}
  m_PrefabInstance: {fileID: 0}
  m_PrefabAsset: {fileID: 0}
  m_GameObject: {fileID: 2787728112112928333}
  m_LocalRotation: {x: 0, y: 0, z: 0, w: 1}
  m_LocalPosition: {x: 0, y: 1.418, z: -0.032}
  m_LocalScale: {x: 1, y: 1, z: 1}
  m_Children: []
  m_Father: {fileID: 1416704773050589524}
  m_RootOrder: 1
  m_LocalEulerAnglesHint: {x: 0, y: 0, z: 0}
--- !u!65 &4124016185649751386
BoxCollider:
  m_ObjectHideFlags: 0
  m_CorrespondingSourceObject: {fileID: 0}
  m_PrefabInstance: {fileID: 0}
  m_PrefabAsset: {fileID: 0}
  m_GameObject: {fileID: 2787728112112928333}
  m_Material: {fileID: 0}
  m_IsTrigger: 0
  m_Enabled: 1
  serializedVersion: 2
  m_Size: {x: 1, y: 0.10796771, z: 0.937299}
  m_Center: {x: 0, y: -0.78656656, z: 0.96800137}
--- !u!1 &4338402362631267063
GameObject:
  m_ObjectHideFlags: 0
  m_CorrespondingSourceObject: {fileID: 0}
  m_PrefabInstance: {fileID: 0}
  m_PrefabAsset: {fileID: 0}
  serializedVersion: 6
  m_Component:
  - component: {fileID: 1416704773050589524}
  m_Layer: 11
  m_Name: Colliders
  m_TagString: Untagged
  m_Icon: {fileID: 0}
  m_NavMeshLayer: 0
  m_StaticEditorFlags: 0
  m_IsActive: 1
--- !u!4 &1416704773050589524
Transform:
  m_ObjectHideFlags: 0
  m_CorrespondingSourceObject: {fileID: 0}
  m_PrefabInstance: {fileID: 0}
  m_PrefabAsset: {fileID: 0}
  m_GameObject: {fileID: 4338402362631267063}
  m_LocalRotation: {x: 0, y: 0, z: 0, w: 1}
  m_LocalPosition: {x: 0, y: 0, z: 0}
  m_LocalScale: {x: 1, y: 1, z: 1}
  m_Children:
  - {fileID: 4935217527725836620}
  - {fileID: 1231067055339491653}
  - {fileID: 55470811884499179}
  - {fileID: 5923326726931004259}
  - {fileID: 6167945901829406879}
  - {fileID: 7075835710529514243}
  - {fileID: 507991481651851800}
  - {fileID: 6635163927487131423}
  m_Father: {fileID: 2286744281758208110}
  m_RootOrder: 0
  m_LocalEulerAnglesHint: {x: 0, y: 0, z: 0}
--- !u!1 &5007160422638695227
GameObject:
  m_ObjectHideFlags: 0
  m_CorrespondingSourceObject: {fileID: 0}
  m_PrefabInstance: {fileID: 0}
  m_PrefabAsset: {fileID: 0}
  serializedVersion: 6
  m_Component:
  - component: {fileID: 5923326726931004259}
  - component: {fileID: 5337825949073897977}
  m_Layer: 11
  m_Name: Collider (4)
  m_TagString: CartCollider
  m_Icon: {fileID: 0}
  m_NavMeshLayer: 0
  m_StaticEditorFlags: 0
  m_IsActive: 1
--- !u!4 &5923326726931004259
Transform:
  m_ObjectHideFlags: 0
  m_CorrespondingSourceObject: {fileID: 0}
  m_PrefabInstance: {fileID: 0}
  m_PrefabAsset: {fileID: 0}
  m_GameObject: {fileID: 5007160422638695227}
  m_LocalRotation: {x: 0, y: 0, z: 0, w: 1}
  m_LocalPosition: {x: 1.04, y: 1.418, z: -0.071}
  m_LocalScale: {x: 1, y: 1, z: 1}
  m_Children: []
  m_Father: {fileID: 1416704773050589524}
  m_RootOrder: 3
  m_LocalEulerAnglesHint: {x: 0, y: 0, z: 0}
--- !u!65 &5337825949073897977
BoxCollider:
  m_ObjectHideFlags: 0
  m_CorrespondingSourceObject: {fileID: 0}
  m_PrefabInstance: {fileID: 0}
  m_PrefabAsset: {fileID: 0}
  m_GameObject: {fileID: 5007160422638695227}
  m_Material: {fileID: 0}
  m_IsTrigger: 0
  m_Enabled: 1
  serializedVersion: 2
  m_Size: {x: 1.1366737, y: 1.4587694, z: 0.08494662}
  m_Center: {x: -1.0337299, y: -1.4619893, z: 0.5418361}
--- !u!1 &5061250428728933747
GameObject:
  m_ObjectHideFlags: 0
  m_CorrespondingSourceObject: {fileID: 0}
  m_PrefabInstance: {fileID: 0}
  m_PrefabAsset: {fileID: 0}
  serializedVersion: 6
  m_Component:
  - component: {fileID: 55470811884499179}
  - component: {fileID: 8806437863425273668}
  m_Layer: 11
  m_Name: Collider (3)
  m_TagString: CartCollider
  m_Icon: {fileID: 0}
  m_NavMeshLayer: 0
  m_StaticEditorFlags: 0
  m_IsActive: 1
--- !u!4 &55470811884499179
Transform:
  m_ObjectHideFlags: 0
  m_CorrespondingSourceObject: {fileID: 0}
  m_PrefabInstance: {fileID: 0}
  m_PrefabAsset: {fileID: 0}
  m_GameObject: {fileID: 5061250428728933747}
  m_LocalRotation: {x: 0, y: 0, z: 0, w: 1}
  m_LocalPosition: {x: 1.04, y: 1.418, z: -0.03199999}
  m_LocalScale: {x: 1, y: 1, z: 1}
  m_Children: []
  m_Father: {fileID: 1416704773050589524}
  m_RootOrder: 2
  m_LocalEulerAnglesHint: {x: 0, y: 0, z: 0}
--- !u!65 &8806437863425273668
BoxCollider:
  m_ObjectHideFlags: 0
  m_CorrespondingSourceObject: {fileID: 0}
  m_PrefabInstance: {fileID: 0}
  m_PrefabAsset: {fileID: 0}
  m_GameObject: {fileID: 5061250428728933747}
  m_Material: {fileID: 0}
  m_IsTrigger: 0
  m_Enabled: 1
  serializedVersion: 2
  m_Size: {x: 0.073244646, y: 1.4587675, z: 1.0246043}
  m_Center: {x: -0.5020395, y: -1.4619712, z: 1.0116627}
--- !u!95 &3556739237796651424
Animator:
  serializedVersion: 3
  m_ObjectHideFlags: 0
  m_CorrespondingSourceObject: {fileID: 0}
  m_PrefabInstance: {fileID: 0}
  m_PrefabAsset: {fileID: 0}
  m_GameObject: {fileID: 5148899035460147624}
  m_Enabled: 1
  m_Avatar: {fileID: 9000000, guid: 22fd9c9c2dcd7ab43b8860367958bc2a, type: 3}
  m_Controller: {fileID: 9100000, guid: 0df3aa89ed0f1fb40a8b39e4d8e8a3c7, type: 2}
  m_CullingMode: 0
  m_UpdateMode: 0
  m_ApplyRootMotion: 0
  m_LinearVelocityBlending: 0
  m_WarningMessage: 
  m_HasTransformHierarchy: 1
  m_AllowConstantClipSamplingOptimization: 1
  m_KeepAnimatorControllerStateOnDisable: 0
--- !u!1 &5972451833528539607
GameObject:
  m_ObjectHideFlags: 0
  m_CorrespondingSourceObject: {fileID: 0}
  m_PrefabInstance: {fileID: 0}
  m_PrefabAsset: {fileID: 0}
  serializedVersion: 6
  m_Component:
  - component: {fileID: 6167945901829406879}
  - component: {fileID: 1817179161328701377}
  m_Layer: 11
  m_Name: Collider (8)
  m_TagString: CartCollider
  m_Icon: {fileID: 0}
  m_NavMeshLayer: 0
  m_StaticEditorFlags: 0
  m_IsActive: 1
--- !u!4 &6167945901829406879
Transform:
  m_ObjectHideFlags: 0
  m_CorrespondingSourceObject: {fileID: 0}
  m_PrefabInstance: {fileID: 0}
  m_PrefabAsset: {fileID: 0}
  m_GameObject: {fileID: 5972451833528539607}
  m_LocalRotation: {x: 0, y: 0, z: 0, w: 1}
  m_LocalPosition: {x: -0.09, y: 1.418, z: -0.03199999}
  m_LocalScale: {x: 1, y: 1, z: 1}
  m_Children: []
  m_Father: {fileID: 1416704773050589524}
  m_RootOrder: 4
  m_LocalEulerAnglesHint: {x: 0, y: 0, z: 0}
--- !u!65 &1817179161328701377
BoxCollider:
  m_ObjectHideFlags: 0
  m_CorrespondingSourceObject: {fileID: 0}
  m_PrefabInstance: {fileID: 0}
  m_PrefabAsset: {fileID: 0}
  m_GameObject: {fileID: 5972451833528539607}
  m_Material: {fileID: 0}
  m_IsTrigger: 0
  m_Enabled: 1
  serializedVersion: 2
  m_Size: {x: 0.073244646, y: 1.4587675, z: 1.0100104}
  m_Center: {x: -0.5020395, y: -1.4619712, z: 1.0043647}
--- !u!1 &6784543006192985582
GameObject:
  m_ObjectHideFlags: 0
  m_CorrespondingSourceObject: {fileID: 0}
  m_PrefabInstance: {fileID: 0}
  m_PrefabAsset: {fileID: 0}
  serializedVersion: 6
  m_Component:
  - component: {fileID: 4935217527725836620}
  - component: {fileID: 7623021954773751989}
  m_Layer: 11
  m_Name: Collider
  m_TagString: CartCollider
  m_Icon: {fileID: 0}
  m_NavMeshLayer: 0
  m_StaticEditorFlags: 0
  m_IsActive: 1
--- !u!4 &4935217527725836620
Transform:
  m_ObjectHideFlags: 0
  m_CorrespondingSourceObject: {fileID: 0}
  m_PrefabInstance: {fileID: 0}
  m_PrefabAsset: {fileID: 0}
  m_GameObject: {fileID: 6784543006192985582}
  m_LocalRotation: {x: 0, y: 0, z: 0, w: 1}
  m_LocalPosition: {x: 0, y: 0.0000000029906968, z: -0.03199999}
  m_LocalScale: {x: 1, y: 1, z: 1}
  m_Children: []
  m_Father: {fileID: 1416704773050589524}
  m_RootOrder: 0
  m_LocalEulerAnglesHint: {x: 0, y: 0, z: 0}
--- !u!65 &7623021954773751989
BoxCollider:
  m_ObjectHideFlags: 0
  m_CorrespondingSourceObject: {fileID: 0}
  m_PrefabInstance: {fileID: 0}
  m_PrefabAsset: {fileID: 0}
  m_GameObject: {fileID: 6784543006192985582}
  m_Material: {fileID: 0}
  m_IsTrigger: 0
  m_Enabled: 1
  serializedVersion: 2
  m_Size: {x: 1, y: 0.10796771, z: 1.0322593}
  m_Center: {x: 0, y: -0.7865664, z: 1.01548}
--- !u!1 &7203359823417583099
GameObject:
  m_ObjectHideFlags: 0
  m_CorrespondingSourceObject: {fileID: 0}
  m_PrefabInstance: {fileID: 0}
  m_PrefabAsset: {fileID: 0}
  serializedVersion: 6
  m_Component:
  - component: {fileID: 6635163927487131423}
  - component: {fileID: 2610032476887602228}
  m_Layer: 11
  m_Name: Cart collider
  m_TagString: CartCollider
  m_Icon: {fileID: 0}
  m_NavMeshLayer: 0
  m_StaticEditorFlags: 0
  m_IsActive: 0
--- !u!4 &6635163927487131423
Transform:
  m_ObjectHideFlags: 0
  m_CorrespondingSourceObject: {fileID: 0}
  m_PrefabInstance: {fileID: 0}
  m_PrefabAsset: {fileID: 0}
  m_GameObject: {fileID: 7203359823417583099}
  m_LocalRotation: {x: 0, y: 0, z: 0, w: 1}
  m_LocalPosition: {x: 1.04, y: 1.418, z: 0}
  m_LocalScale: {x: 1, y: 1, z: 1}
  m_Children: []
  m_Father: {fileID: 1416704773050589524}
  m_RootOrder: 7
  m_LocalEulerAnglesHint: {x: 0, y: 0, z: 0}
--- !u!65 &2610032476887602228
BoxCollider:
  m_ObjectHideFlags: 0
  m_CorrespondingSourceObject: {fileID: 0}
  m_PrefabInstance: {fileID: 0}
  m_PrefabAsset: {fileID: 0}
  m_GameObject: {fileID: 7203359823417583099}
  m_Material: {fileID: 0}
  m_IsTrigger: 1
  m_Enabled: 1
  serializedVersion: 2
  m_Size: {x: 1.0059226, y: 1.3451997, z: 0.13694102}
  m_Center: {x: -1.0279678, y: -1.4784261, z: 0.603206}
--- !u!1 &8236692135651324262
GameObject:
  m_ObjectHideFlags: 0
  m_CorrespondingSourceObject: {fileID: 0}
  m_PrefabInstance: {fileID: 0}
  m_PrefabAsset: {fileID: 0}
  serializedVersion: 6
  m_Component:
  - component: {fileID: 8236692135651324259}
  - component: {fileID: 286302532460919360}
  - component: {fileID: 5355630164407407290}
  - component: {fileID: 1257533736689367081}
  - component: {fileID: 2370543016236161793}
  m_Layer: 10
  m_Name: Player
  m_TagString: Player
  m_Icon: {fileID: 0}
  m_NavMeshLayer: 0
  m_StaticEditorFlags: 0
  m_IsActive: 1
--- !u!4 &8236692135651324259
Transform:
  m_ObjectHideFlags: 0
  m_CorrespondingSourceObject: {fileID: 0}
  m_PrefabInstance: {fileID: 0}
  m_PrefabAsset: {fileID: 0}
  m_GameObject: {fileID: 8236692135651324262}
  m_LocalRotation: {x: 0, y: 0, z: 0, w: 1}
  m_LocalPosition: {x: 0, y: 0, z: 0}
  m_LocalScale: {x: 1.25, y: 1, z: 1.25}
  m_Children:
  - {fileID: 5494181298459394834}
  - {fileID: 2286744281758208110}
  m_Father: {fileID: 0}
  m_RootOrder: 0
  m_LocalEulerAnglesHint: {x: 0, y: 0, z: 0}
--- !u!54 &286302532460919360
Rigidbody:
  m_ObjectHideFlags: 0
  m_CorrespondingSourceObject: {fileID: 0}
  m_PrefabInstance: {fileID: 0}
  m_PrefabAsset: {fileID: 0}
  m_GameObject: {fileID: 8236692135651324262}
  serializedVersion: 2
  m_Mass: 1.25
  m_Drag: 0
  m_AngularDrag: 0
  m_UseGravity: 1
  m_IsKinematic: 0
  m_Interpolate: 1
  m_Constraints: 116
  m_CollisionDetection: 3
--- !u!65 &5355630164407407290
BoxCollider:
  m_ObjectHideFlags: 0
  m_CorrespondingSourceObject: {fileID: 0}
  m_PrefabInstance: {fileID: 0}
  m_PrefabAsset: {fileID: 0}
  m_GameObject: {fileID: 8236692135651324262}
  m_Material: {fileID: 13400000, guid: 883fbc4fc24d73940b8593336d17714e, type: 2}
  m_IsTrigger: 0
  m_Enabled: 1
  serializedVersion: 2
  m_Size: {x: 1, y: 2.2764955, z: 1}
  m_Center: {x: 0, y: 0.039488554, z: 0}
--- !u!114 &1257533736689367081
MonoBehaviour:
  m_ObjectHideFlags: 0
  m_CorrespondingSourceObject: {fileID: 0}
  m_PrefabInstance: {fileID: 0}
  m_PrefabAsset: {fileID: 0}
  m_GameObject: {fileID: 8236692135651324262}
  m_Enabled: 1
  m_EditorHideFlags: 0
  m_Script: {fileID: 11500000, guid: a8046dbdb0e1ec54ba463a1bca4ed3f7, type: 3}
  m_Name: 
  m_EditorClassIdentifier: 
  speed: 10
  coefficient: 2
  coeffiecientY: 0.015
  animator: {fileID: 3556739237796651424}
--- !u!114 &2370543016236161793
MonoBehaviour:
  m_ObjectHideFlags: 0
  m_CorrespondingSourceObject: {fileID: 0}
  m_PrefabInstance: {fileID: 0}
  m_PrefabAsset: {fileID: 0}
  m_GameObject: {fileID: 8236692135651324262}
  m_Enabled: 1
  m_EditorHideFlags: 0
  m_Script: {fileID: 11500000, guid: f9df5810920007d4cadec49d6b801f23, type: 3}
  m_Name: 
  m_EditorClassIdentifier: 
  transform: {fileID: 507991481651851800}
--- !u!1 &8738482694250538349
GameObject:
  m_ObjectHideFlags: 0
  m_CorrespondingSourceObject: {fileID: 0}
  m_PrefabInstance: {fileID: 0}
  m_PrefabAsset: {fileID: 0}
  serializedVersion: 6
  m_Component:
  - component: {fileID: 3139566884874038443}
  m_Layer: 11
  m_Name: GameObject
  m_TagString: Untagged
  m_Icon: {fileID: 0}
  m_NavMeshLayer: 0
  m_StaticEditorFlags: 0
  m_IsActive: 1
--- !u!4 &3139566884874038443
Transform:
  m_ObjectHideFlags: 0
  m_CorrespondingSourceObject: {fileID: 0}
  m_PrefabInstance: {fileID: 0}
  m_PrefabAsset: {fileID: 0}
  m_GameObject: {fileID: 8738482694250538349}
  m_LocalRotation: {x: -0, y: -0, z: -0, w: 1}
  m_LocalPosition: {x: 0, y: -0.074, z: 0.58}
  m_LocalScale: {x: 1, y: 1.4228003, z: 0.18075}
  m_Children:
  - {fileID: 3759480821789857208}
  m_Father: {fileID: 2286744281758208110}
  m_RootOrder: 1
  m_LocalEulerAnglesHint: {x: 0, y: 0, z: 0}
--- !u!1 &9143933113163849440
GameObject:
  m_ObjectHideFlags: 0
  m_CorrespondingSourceObject: {fileID: 0}
  m_PrefabInstance: {fileID: 0}
  m_PrefabAsset: {fileID: 0}
  serializedVersion: 6
  m_Component:
  - component: {fileID: 7075835710529514243}
  - component: {fileID: 1126575390500949587}
  - component: {fileID: 1311677989639780198}
  m_Layer: 11
  m_Name: Vibration Trigger
  m_TagString: CartCollider
  m_Icon: {fileID: 0}
  m_NavMeshLayer: 0
  m_StaticEditorFlags: 0
  m_IsActive: 1
--- !u!4 &7075835710529514243
Transform:
  m_ObjectHideFlags: 0
  m_CorrespondingSourceObject: {fileID: 0}
  m_PrefabInstance: {fileID: 0}
  m_PrefabAsset: {fileID: 0}
  m_GameObject: {fileID: 9143933113163849440}
  m_LocalRotation: {x: 0, y: 0, z: 0, w: 1}
  m_LocalPosition: {x: 0, y: 0, z: 0}
  m_LocalScale: {x: 1, y: 1, z: 1}
  m_Children: []
  m_Father: {fileID: 1416704773050589524}
  m_RootOrder: 5
  m_LocalEulerAnglesHint: {x: 0, y: 0, z: 0}
--- !u!65 &1126575390500949587
BoxCollider:
  m_ObjectHideFlags: 0
  m_CorrespondingSourceObject: {fileID: 0}
  m_PrefabInstance: {fileID: 0}
  m_PrefabAsset: {fileID: 0}
  m_GameObject: {fileID: 9143933113163849440}
  m_Material: {fileID: 0}
  m_IsTrigger: 1
  m_Enabled: 1
  serializedVersion: 2
  m_Size: {x: 1.4950031, y: 1.5724332, z: 0.24000323}
  m_Center: {x: 0.015537986, y: -0.100346565, z: 0.619372}
--- !u!114 &1311677989639780198
MonoBehaviour:
  m_ObjectHideFlags: 0
  m_CorrespondingSourceObject: {fileID: 0}
  m_PrefabInstance: {fileID: 0}
  m_PrefabAsset: {fileID: 0}
  m_GameObject: {fileID: 9143933113163849440}
  m_Enabled: 1
  m_EditorHideFlags: 0
  m_Script: {fileID: 11500000, guid: 0d7d0f458f1703a4cbec273607bad049, type: 3}
  m_Name: 
  m_EditorClassIdentifier: 
--- !u!1001 &1744754200428410757
PrefabInstance:
  m_ObjectHideFlags: 0
  serializedVersion: 2
  m_Modification:
    m_TransformParent: {fileID: 8236692135651324259}
    m_Modifications:
    - target: {fileID: -8679921383154817045, guid: 71d23bbd5c3f4294b960695ba017e173, type: 3}
      propertyPath: m_RootOrder
      value: 1
      objectReference: {fileID: 0}
    - target: {fileID: -8679921383154817045, guid: 71d23bbd5c3f4294b960695ba017e173, type: 3}
      propertyPath: m_LocalScale.x
      value: 0.74135697
      objectReference: {fileID: 0}
    - target: {fileID: -8679921383154817045, guid: 71d23bbd5c3f4294b960695ba017e173, type: 3}
      propertyPath: m_LocalScale.y
      value: 1.2456262
      objectReference: {fileID: 0}
    - target: {fileID: -8679921383154817045, guid: 71d23bbd5c3f4294b960695ba017e173, type: 3}
      propertyPath: m_LocalScale.z
      value: 1.0870883
      objectReference: {fileID: 0}
    - target: {fileID: -8679921383154817045, guid: 71d23bbd5c3f4294b960695ba017e173, type: 3}
      propertyPath: m_LocalPosition.x
      value: 0.031
      objectReference: {fileID: 0}
    - target: {fileID: -8679921383154817045, guid: 71d23bbd5c3f4294b960695ba017e173, type: 3}
      propertyPath: m_LocalPosition.y
      value: -1.085
      objectReference: {fileID: 0}
    - target: {fileID: -8679921383154817045, guid: 71d23bbd5c3f4294b960695ba017e173, type: 3}
      propertyPath: m_LocalPosition.z
      value: 1.6374408
      objectReference: {fileID: 0}
    - target: {fileID: -8679921383154817045, guid: 71d23bbd5c3f4294b960695ba017e173, type: 3}
      propertyPath: m_LocalRotation.w
      value: 0.7071067
      objectReference: {fileID: 0}
    - target: {fileID: -8679921383154817045, guid: 71d23bbd5c3f4294b960695ba017e173, type: 3}
      propertyPath: m_LocalRotation.x
      value: -0.7071068
      objectReference: {fileID: 0}
    - target: {fileID: -8679921383154817045, guid: 71d23bbd5c3f4294b960695ba017e173, type: 3}
      propertyPath: m_LocalRotation.y
      value: -0
      objectReference: {fileID: 0}
    - target: {fileID: -8679921383154817045, guid: 71d23bbd5c3f4294b960695ba017e173, type: 3}
      propertyPath: m_LocalRotation.z
      value: -0
      objectReference: {fileID: 0}
    - target: {fileID: -8679921383154817045, guid: 71d23bbd5c3f4294b960695ba017e173, type: 3}
      propertyPath: m_LocalEulerAnglesHint.x
      value: 0
      objectReference: {fileID: 0}
    - target: {fileID: -8679921383154817045, guid: 71d23bbd5c3f4294b960695ba017e173, type: 3}
      propertyPath: m_LocalEulerAnglesHint.y
      value: 0
      objectReference: {fileID: 0}
    - target: {fileID: -8679921383154817045, guid: 71d23bbd5c3f4294b960695ba017e173, type: 3}
      propertyPath: m_LocalEulerAnglesHint.z
      value: 0
      objectReference: {fileID: 0}
    - target: {fileID: -7511558181221131132, guid: 71d23bbd5c3f4294b960695ba017e173, type: 3}
      propertyPath: m_Materials.Array.data[0]
      value: 
      objectReference: {fileID: 2100000, guid: e33a99e5839f20e49828928aedf84603, type: 2}
    - target: {fileID: 919132149155446097, guid: 71d23bbd5c3f4294b960695ba017e173, type: 3}
      propertyPath: m_Name
      value: Cart
      objectReference: {fileID: 0}
    - target: {fileID: 919132149155446097, guid: 71d23bbd5c3f4294b960695ba017e173, type: 3}
      propertyPath: m_Layer
      value: 11
      objectReference: {fileID: 0}
    - target: {fileID: 919132149155446097, guid: 71d23bbd5c3f4294b960695ba017e173, type: 3}
      propertyPath: m_TagString
      value: CartCollider
      objectReference: {fileID: 0}
    m_RemovedComponents: []
  m_SourcePrefab: {fileID: 100100000, guid: 71d23bbd5c3f4294b960695ba017e173, type: 3}
--- !u!4 &2286744281758208110 stripped
Transform:
  m_CorrespondingSourceObject: {fileID: -8679921383154817045, guid: 71d23bbd5c3f4294b960695ba017e173, type: 3}
  m_PrefabInstance: {fileID: 1744754200428410757}
  m_PrefabAsset: {fileID: 0}
--- !u!1 &1510946002954799828 stripped
GameObject:
  m_CorrespondingSourceObject: {fileID: 919132149155446097, guid: 71d23bbd5c3f4294b960695ba017e173, type: 3}
  m_PrefabInstance: {fileID: 1744754200428410757}
  m_PrefabAsset: {fileID: 0}
--- !u!1001 &5455541081241887993
PrefabInstance:
  m_ObjectHideFlags: 0
  serializedVersion: 2
  m_Modification:
    m_TransformParent: {fileID: 8236692135651324259}
    m_Modifications:
    - target: {fileID: -8889667679892728798, guid: ac3e0dc7f7b3fd34db38c5f385a1406f, type: 3}
      propertyPath: m_LocalEulerAnglesHint.x
      value: 72.792496
      objectReference: {fileID: 0}
    - target: {fileID: -8889667679892728798, guid: ac3e0dc7f7b3fd34db38c5f385a1406f, type: 3}
      propertyPath: m_LocalEulerAnglesHint.y
      value: 30.84627
      objectReference: {fileID: 0}
    - target: {fileID: -8889667679892728798, guid: ac3e0dc7f7b3fd34db38c5f385a1406f, type: 3}
      propertyPath: m_LocalEulerAnglesHint.z
      value: 2.0484319
      objectReference: {fileID: 0}
    - target: {fileID: -8679921383154817045, guid: ac3e0dc7f7b3fd34db38c5f385a1406f, type: 3}
      propertyPath: m_RootOrder
      value: 0
      objectReference: {fileID: 0}
    - target: {fileID: -8679921383154817045, guid: ac3e0dc7f7b3fd34db38c5f385a1406f, type: 3}
      propertyPath: m_LocalPosition.x
      value: 0
      objectReference: {fileID: 0}
    - target: {fileID: -8679921383154817045, guid: ac3e0dc7f7b3fd34db38c5f385a1406f, type: 3}
      propertyPath: m_LocalPosition.y
      value: -1
      objectReference: {fileID: 0}
    - target: {fileID: -8679921383154817045, guid: ac3e0dc7f7b3fd34db38c5f385a1406f, type: 3}
      propertyPath: m_LocalPosition.z
      value: -0.2
      objectReference: {fileID: 0}
    - target: {fileID: -8679921383154817045, guid: ac3e0dc7f7b3fd34db38c5f385a1406f, type: 3}
      propertyPath: m_LocalRotation.w
      value: 1
      objectReference: {fileID: 0}
    - target: {fileID: -8679921383154817045, guid: ac3e0dc7f7b3fd34db38c5f385a1406f, type: 3}
      propertyPath: m_LocalRotation.x
      value: 0
      objectReference: {fileID: 0}
    - target: {fileID: -8679921383154817045, guid: ac3e0dc7f7b3fd34db38c5f385a1406f, type: 3}
      propertyPath: m_LocalRotation.y
      value: 0
      objectReference: {fileID: 0}
    - target: {fileID: -8679921383154817045, guid: ac3e0dc7f7b3fd34db38c5f385a1406f, type: 3}
      propertyPath: m_LocalRotation.z
      value: 0
      objectReference: {fileID: 0}
    - target: {fileID: -8679921383154817045, guid: ac3e0dc7f7b3fd34db38c5f385a1406f, type: 3}
      propertyPath: m_LocalEulerAnglesHint.x
      value: 0
      objectReference: {fileID: 0}
    - target: {fileID: -8679921383154817045, guid: ac3e0dc7f7b3fd34db38c5f385a1406f, type: 3}
      propertyPath: m_LocalEulerAnglesHint.y
      value: 0
      objectReference: {fileID: 0}
    - target: {fileID: -8679921383154817045, guid: ac3e0dc7f7b3fd34db38c5f385a1406f, type: 3}
      propertyPath: m_LocalEulerAnglesHint.z
      value: 0
      objectReference: {fileID: 0}
    - target: {fileID: -8625725644046755650, guid: ac3e0dc7f7b3fd34db38c5f385a1406f, type: 3}
      propertyPath: m_LocalEulerAnglesHint.x
      value: 23.119778
      objectReference: {fileID: 0}
    - target: {fileID: -8625725644046755650, guid: ac3e0dc7f7b3fd34db38c5f385a1406f, type: 3}
      propertyPath: m_LocalEulerAnglesHint.y
      value: -0.0000013647098
      objectReference: {fileID: 0}
    - target: {fileID: -8625725644046755650, guid: ac3e0dc7f7b3fd34db38c5f385a1406f, type: 3}
      propertyPath: m_LocalEulerAnglesHint.z
      value: -0.0000066720554
      objectReference: {fileID: 0}
    - target: {fileID: -8557203427919007493, guid: ac3e0dc7f7b3fd34db38c5f385a1406f, type: 3}
      propertyPath: m_LocalEulerAnglesHint.x
      value: -88.534195
      objectReference: {fileID: 0}
    - target: {fileID: -8557203427919007493, guid: ac3e0dc7f7b3fd34db38c5f385a1406f, type: 3}
      propertyPath: m_LocalEulerAnglesHint.y
      value: -1.253744
      objectReference: {fileID: 0}
    - target: {fileID: -8557203427919007493, guid: ac3e0dc7f7b3fd34db38c5f385a1406f, type: 3}
      propertyPath: m_LocalEulerAnglesHint.z
      value: 68.30125
      objectReference: {fileID: 0}
    - target: {fileID: -8342248596566322646, guid: ac3e0dc7f7b3fd34db38c5f385a1406f, type: 3}
      propertyPath: m_LocalEulerAnglesHint.x
      value: 68.602905
      objectReference: {fileID: 0}
    - target: {fileID: -8342248596566322646, guid: ac3e0dc7f7b3fd34db38c5f385a1406f, type: 3}
      propertyPath: m_LocalEulerAnglesHint.y
      value: 106.379036
      objectReference: {fileID: 0}
    - target: {fileID: -8342248596566322646, guid: ac3e0dc7f7b3fd34db38c5f385a1406f, type: 3}
      propertyPath: m_LocalEulerAnglesHint.z
      value: 8.416923
      objectReference: {fileID: 0}
    - target: {fileID: -7108570938456118424, guid: ac3e0dc7f7b3fd34db38c5f385a1406f, type: 3}
      propertyPath: m_LocalEulerAnglesHint.x
      value: 62.147026
      objectReference: {fileID: 0}
    - target: {fileID: -7108570938456118424, guid: ac3e0dc7f7b3fd34db38c5f385a1406f, type: 3}
      propertyPath: m_LocalEulerAnglesHint.y
      value: -179.99998
      objectReference: {fileID: 0}
    - target: {fileID: -7108570938456118424, guid: ac3e0dc7f7b3fd34db38c5f385a1406f, type: 3}
      propertyPath: m_LocalEulerAnglesHint.z
      value: 179.99998
      objectReference: {fileID: 0}
    - target: {fileID: -6832741891313092209, guid: ac3e0dc7f7b3fd34db38c5f385a1406f, type: 3}
      propertyPath: m_LocalEulerAnglesHint.x
      value: 40.22662
      objectReference: {fileID: 0}
    - target: {fileID: -6832741891313092209, guid: ac3e0dc7f7b3fd34db38c5f385a1406f, type: 3}
      propertyPath: m_LocalEulerAnglesHint.y
      value: 4.052631
      objectReference: {fileID: 0}
    - target: {fileID: -6832741891313092209, guid: ac3e0dc7f7b3fd34db38c5f385a1406f, type: 3}
      propertyPath: m_LocalEulerAnglesHint.z
      value: -17.388554
      objectReference: {fileID: 0}
    - target: {fileID: -6823282244902046451, guid: ac3e0dc7f7b3fd34db38c5f385a1406f, type: 3}
      propertyPath: m_LocalEulerAnglesHint.x
      value: 66.33332
      objectReference: {fileID: 0}
    - target: {fileID: -6823282244902046451, guid: ac3e0dc7f7b3fd34db38c5f385a1406f, type: 3}
      propertyPath: m_LocalEulerAnglesHint.y
      value: -2.6278229
      objectReference: {fileID: 0}
    - target: {fileID: -6823282244902046451, guid: ac3e0dc7f7b3fd34db38c5f385a1406f, type: 3}
      propertyPath: m_LocalEulerAnglesHint.z
      value: 3.2178252
      objectReference: {fileID: 0}
    - target: {fileID: -6207193090530259524, guid: ac3e0dc7f7b3fd34db38c5f385a1406f, type: 3}
      propertyPath: m_LocalEulerAnglesHint.x
      value: 35.200855
      objectReference: {fileID: 0}
    - target: {fileID: -6207193090530259524, guid: ac3e0dc7f7b3fd34db38c5f385a1406f, type: 3}
      propertyPath: m_LocalEulerAnglesHint.y
      value: 0.000000717216
      objectReference: {fileID: 0}
    - target: {fileID: -6207193090530259524, guid: ac3e0dc7f7b3fd34db38c5f385a1406f, type: 3}
      propertyPath: m_LocalEulerAnglesHint.z
      value: 0.0000021789592
      objectReference: {fileID: 0}
    - target: {fileID: -5623284908969704125, guid: ac3e0dc7f7b3fd34db38c5f385a1406f, type: 3}
      propertyPath: m_LocalEulerAnglesHint.x
      value: 66.38205
      objectReference: {fileID: 0}
    - target: {fileID: -5623284908969704125, guid: ac3e0dc7f7b3fd34db38c5f385a1406f, type: 3}
      propertyPath: m_LocalEulerAnglesHint.y
      value: 31.666483
      objectReference: {fileID: 0}
    - target: {fileID: -5623284908969704125, guid: ac3e0dc7f7b3fd34db38c5f385a1406f, type: 3}
      propertyPath: m_LocalEulerAnglesHint.z
      value: 25.486135
      objectReference: {fileID: 0}
    - target: {fileID: -5143821378416550934, guid: ac3e0dc7f7b3fd34db38c5f385a1406f, type: 3}
      propertyPath: m_LocalEulerAnglesHint.x
      value: -71.51993
      objectReference: {fileID: 0}
    - target: {fileID: -5143821378416550934, guid: ac3e0dc7f7b3fd34db38c5f385a1406f, type: 3}
      propertyPath: m_LocalEulerAnglesHint.y
      value: 0.00042073266
      objectReference: {fileID: 0}
    - target: {fileID: -5143821378416550934, guid: ac3e0dc7f7b3fd34db38c5f385a1406f, type: 3}
      propertyPath: m_LocalEulerAnglesHint.z
      value: -0.0004310203
      objectReference: {fileID: 0}
    - target: {fileID: -4991918858661077692, guid: ac3e0dc7f7b3fd34db38c5f385a1406f, type: 3}
      propertyPath: m_LocalEulerAnglesHint.x
      value: -33.76314
      objectReference: {fileID: 0}
    - target: {fileID: -4991918858661077692, guid: ac3e0dc7f7b3fd34db38c5f385a1406f, type: 3}
      propertyPath: m_LocalEulerAnglesHint.y
      value: -155.06198
      objectReference: {fileID: 0}
    - target: {fileID: -4991918858661077692, guid: ac3e0dc7f7b3fd34db38c5f385a1406f, type: 3}
      propertyPath: m_LocalEulerAnglesHint.z
      value: -24.29862
      objectReference: {fileID: 0}
    - target: {fileID: -3545461305216090317, guid: ac3e0dc7f7b3fd34db38c5f385a1406f, type: 3}
      propertyPath: m_LocalEulerAnglesHint.x
      value: 57.246075
      objectReference: {fileID: 0}
    - target: {fileID: -3545461305216090317, guid: ac3e0dc7f7b3fd34db38c5f385a1406f, type: 3}
      propertyPath: m_LocalEulerAnglesHint.y
      value: -41.95567
      objectReference: {fileID: 0}
    - target: {fileID: -3545461305216090317, guid: ac3e0dc7f7b3fd34db38c5f385a1406f, type: 3}
      propertyPath: m_LocalEulerAnglesHint.z
      value: 76.40446
      objectReference: {fileID: 0}
    - target: {fileID: -3426322790106580347, guid: ac3e0dc7f7b3fd34db38c5f385a1406f, type: 3}
      propertyPath: m_LocalEulerAnglesHint.x
      value: -33.763126
      objectReference: {fileID: 0}
    - target: {fileID: -3426322790106580347, guid: ac3e0dc7f7b3fd34db38c5f385a1406f, type: 3}
      propertyPath: m_LocalEulerAnglesHint.y
      value: 155.06197
      objectReference: {fileID: 0}
    - target: {fileID: -3426322790106580347, guid: ac3e0dc7f7b3fd34db38c5f385a1406f, type: 3}
      propertyPath: m_LocalEulerAnglesHint.z
      value: 24.298618
      objectReference: {fileID: 0}
    - target: {fileID: -3335435144924339701, guid: ac3e0dc7f7b3fd34db38c5f385a1406f, type: 3}
      propertyPath: m_LocalEulerAnglesHint.x
      value: -29.233315
      objectReference: {fileID: 0}
    - target: {fileID: -3335435144924339701, guid: ac3e0dc7f7b3fd34db38c5f385a1406f, type: 3}
      propertyPath: m_LocalEulerAnglesHint.y
      value: 0.0000131999295
      objectReference: {fileID: 0}
    - target: {fileID: -3335435144924339701, guid: ac3e0dc7f7b3fd34db38c5f385a1406f, type: 3}
      propertyPath: m_LocalEulerAnglesHint.z
      value: -5.915955e-13
      objectReference: {fileID: 0}
    - target: {fileID: -3050895055062153227, guid: ac3e0dc7f7b3fd34db38c5f385a1406f, type: 3}
      propertyPath: m_LocalEulerAnglesHint.x
      value: -7.2027016
      objectReference: {fileID: 0}
    - target: {fileID: -3050895055062153227, guid: ac3e0dc7f7b3fd34db38c5f385a1406f, type: 3}
      propertyPath: m_LocalEulerAnglesHint.y
      value: -0.00000005524877
      objectReference: {fileID: 0}
    - target: {fileID: -3050895055062153227, guid: ac3e0dc7f7b3fd34db38c5f385a1406f, type: 3}
      propertyPath: m_LocalEulerAnglesHint.z
      value: -0.0000009349191
      objectReference: {fileID: 0}
    - target: {fileID: -2795259288829128869, guid: ac3e0dc7f7b3fd34db38c5f385a1406f, type: 3}
      propertyPath: m_LocalEulerAnglesHint.x
      value: 57.2461
      objectReference: {fileID: 0}
    - target: {fileID: -2795259288829128869, guid: ac3e0dc7f7b3fd34db38c5f385a1406f, type: 3}
      propertyPath: m_LocalEulerAnglesHint.y
      value: 41.955612
      objectReference: {fileID: 0}
    - target: {fileID: -2795259288829128869, guid: ac3e0dc7f7b3fd34db38c5f385a1406f, type: 3}
      propertyPath: m_LocalEulerAnglesHint.z
      value: -76.4044
      objectReference: {fileID: 0}
    - target: {fileID: -2671088762927947096, guid: ac3e0dc7f7b3fd34db38c5f385a1406f, type: 3}
      propertyPath: m_LocalEulerAnglesHint.x
      value: 72.792465
      objectReference: {fileID: 0}
    - target: {fileID: -2671088762927947096, guid: ac3e0dc7f7b3fd34db38c5f385a1406f, type: 3}
      propertyPath: m_LocalEulerAnglesHint.y
      value: -30.84628
      objectReference: {fileID: 0}
    - target: {fileID: -2671088762927947096, guid: ac3e0dc7f7b3fd34db38c5f385a1406f, type: 3}
      propertyPath: m_LocalEulerAnglesHint.z
      value: -2.0484512
      objectReference: {fileID: 0}
    - target: {fileID: -1480070881545233990, guid: ac3e0dc7f7b3fd34db38c5f385a1406f, type: 3}
      propertyPath: m_LocalEulerAnglesHint.x
      value: -6.854873
      objectReference: {fileID: 0}
    - target: {fileID: -1480070881545233990, guid: ac3e0dc7f7b3fd34db38c5f385a1406f, type: 3}
      propertyPath: m_LocalEulerAnglesHint.y
      value: -0.000000112519125
      objectReference: {fileID: 0}
    - target: {fileID: -1480070881545233990, guid: ac3e0dc7f7b3fd34db38c5f385a1406f, type: 3}
      propertyPath: m_LocalEulerAnglesHint.z
      value: 0.0000018786446
      objectReference: {fileID: 0}
    - target: {fileID: -1063094714816996356, guid: ac3e0dc7f7b3fd34db38c5f385a1406f, type: 3}
      propertyPath: m_LocalEulerAnglesHint.x
      value: -89.98021
      objectReference: {fileID: 0}
    - target: {fileID: -1037234433146672674, guid: ac3e0dc7f7b3fd34db38c5f385a1406f, type: 3}
      propertyPath: m_LocalEulerAnglesHint.x
      value: 66.38205
      objectReference: {fileID: 0}
    - target: {fileID: -1037234433146672674, guid: ac3e0dc7f7b3fd34db38c5f385a1406f, type: 3}
      propertyPath: m_LocalEulerAnglesHint.y
      value: -31.666513
      objectReference: {fileID: 0}
    - target: {fileID: -1037234433146672674, guid: ac3e0dc7f7b3fd34db38c5f385a1406f, type: 3}
      propertyPath: m_LocalEulerAnglesHint.z
      value: -25.48617
      objectReference: {fileID: 0}
    - target: {fileID: -816130443849886554, guid: ac3e0dc7f7b3fd34db38c5f385a1406f, type: 3}
      propertyPath: m_LocalEulerAnglesHint.x
      value: 54.899765
      objectReference: {fileID: 0}
    - target: {fileID: -816130443849886554, guid: ac3e0dc7f7b3fd34db38c5f385a1406f, type: 3}
      propertyPath: m_LocalEulerAnglesHint.y
      value: -71.09306
      objectReference: {fileID: 0}
    - target: {fileID: -816130443849886554, guid: ac3e0dc7f7b3fd34db38c5f385a1406f, type: 3}
      propertyPath: m_LocalEulerAnglesHint.z
      value: 34.00024
      objectReference: {fileID: 0}
    - target: {fileID: -743251545275688921, guid: ac3e0dc7f7b3fd34db38c5f385a1406f, type: 3}
      propertyPath: m_LocalEulerAnglesHint.x
      value: 3.807462
      objectReference: {fileID: 0}
    - target: {fileID: -743251545275688921, guid: ac3e0dc7f7b3fd34db38c5f385a1406f, type: 3}
      propertyPath: m_LocalEulerAnglesHint.y
      value: 5.1273117
      objectReference: {fileID: 0}
    - target: {fileID: -743251545275688921, guid: ac3e0dc7f7b3fd34db38c5f385a1406f, type: 3}
      propertyPath: m_LocalEulerAnglesHint.z
      value: 1.0666596
      objectReference: {fileID: 0}
    - target: {fileID: 91695381401063544, guid: ac3e0dc7f7b3fd34db38c5f385a1406f, type: 3}
      propertyPath: m_LocalEulerAnglesHint.x
      value: 68.6029
      objectReference: {fileID: 0}
    - target: {fileID: 91695381401063544, guid: ac3e0dc7f7b3fd34db38c5f385a1406f, type: 3}
      propertyPath: m_LocalEulerAnglesHint.y
      value: -106.379036
      objectReference: {fileID: 0}
    - target: {fileID: 91695381401063544, guid: ac3e0dc7f7b3fd34db38c5f385a1406f, type: 3}
      propertyPath: m_LocalEulerAnglesHint.z
      value: -8.416923
      objectReference: {fileID: 0}
    - target: {fileID: 658689967997702607, guid: ac3e0dc7f7b3fd34db38c5f385a1406f, type: 3}
      propertyPath: m_LocalEulerAnglesHint.x
      value: 89.40258
      objectReference: {fileID: 0}
    - target: {fileID: 658689967997702607, guid: ac3e0dc7f7b3fd34db38c5f385a1406f, type: 3}
      propertyPath: m_LocalEulerAnglesHint.y
      value: 179.99442
      objectReference: {fileID: 0}
    - target: {fileID: 658689967997702607, guid: ac3e0dc7f7b3fd34db38c5f385a1406f, type: 3}
      propertyPath: m_LocalEulerAnglesHint.z
      value: 179.99446
      objectReference: {fileID: 0}
    - target: {fileID: 919132149155446097, guid: ac3e0dc7f7b3fd34db38c5f385a1406f, type: 3}
      propertyPath: m_Name
      value: Stickman_Run
      objectReference: {fileID: 0}
    - target: {fileID: 919132149155446097, guid: ac3e0dc7f7b3fd34db38c5f385a1406f, type: 3}
      propertyPath: m_Layer
      value: 10
      objectReference: {fileID: 0}
    - target: {fileID: 919132149155446097, guid: ac3e0dc7f7b3fd34db38c5f385a1406f, type: 3}
      propertyPath: m_TagString
      value: Player
      objectReference: {fileID: 0}
    - target: {fileID: 1268173722399238365, guid: ac3e0dc7f7b3fd34db38c5f385a1406f, type: 3}
      propertyPath: m_LocalEulerAnglesHint.x
      value: 3.807466
      objectReference: {fileID: 0}
    - target: {fileID: 1268173722399238365, guid: ac3e0dc7f7b3fd34db38c5f385a1406f, type: 3}
      propertyPath: m_LocalEulerAnglesHint.y
      value: -5.1273117
      objectReference: {fileID: 0}
    - target: {fileID: 1268173722399238365, guid: ac3e0dc7f7b3fd34db38c5f385a1406f, type: 3}
      propertyPath: m_LocalEulerAnglesHint.z
      value: -1.0666567
      objectReference: {fileID: 0}
    - target: {fileID: 2486950352914139430, guid: ac3e0dc7f7b3fd34db38c5f385a1406f, type: 3}
      propertyPath: m_LocalEulerAnglesHint.x
      value: 66.33333
      objectReference: {fileID: 0}
    - target: {fileID: 2486950352914139430, guid: ac3e0dc7f7b3fd34db38c5f385a1406f, type: 3}
      propertyPath: m_LocalEulerAnglesHint.y
      value: 2.6278245
      objectReference: {fileID: 0}
    - target: {fileID: 2486950352914139430, guid: ac3e0dc7f7b3fd34db38c5f385a1406f, type: 3}
      propertyPath: m_LocalEulerAnglesHint.z
      value: -3.217831
      objectReference: {fileID: 0}
    - target: {fileID: 2716246238514753176, guid: ac3e0dc7f7b3fd34db38c5f385a1406f, type: 3}
      propertyPath: m_LocalEulerAnglesHint.x
      value: 4.0404196
      objectReference: {fileID: 0}
    - target: {fileID: 2716246238514753176, guid: ac3e0dc7f7b3fd34db38c5f385a1406f, type: 3}
      propertyPath: m_LocalEulerAnglesHint.y
      value: 179.99986
      objectReference: {fileID: 0}
    - target: {fileID: 2716246238514753176, guid: ac3e0dc7f7b3fd34db38c5f385a1406f, type: 3}
      propertyPath: m_LocalEulerAnglesHint.z
      value: 0.00000040438974
      objectReference: {fileID: 0}
    - target: {fileID: 3521822677155461482, guid: ac3e0dc7f7b3fd34db38c5f385a1406f, type: 3}
      propertyPath: m_LocalEulerAnglesHint.x
      value: 65.90814
      objectReference: {fileID: 0}
    - target: {fileID: 3521822677155461482, guid: ac3e0dc7f7b3fd34db38c5f385a1406f, type: 3}
      propertyPath: m_LocalEulerAnglesHint.y
      value: -80.36247
      objectReference: {fileID: 0}
    - target: {fileID: 3521822677155461482, guid: ac3e0dc7f7b3fd34db38c5f385a1406f, type: 3}
      propertyPath: m_LocalEulerAnglesHint.z
      value: 18.703024
      objectReference: {fileID: 0}
    - target: {fileID: 3621134386004179398, guid: ac3e0dc7f7b3fd34db38c5f385a1406f, type: 3}
      propertyPath: m_LocalEulerAnglesHint.x
      value: 4.0404196
      objectReference: {fileID: 0}
    - target: {fileID: 3621134386004179398, guid: ac3e0dc7f7b3fd34db38c5f385a1406f, type: 3}
      propertyPath: m_LocalEulerAnglesHint.y
      value: -179.99986
      objectReference: {fileID: 0}
    - target: {fileID: 3621134386004179398, guid: ac3e0dc7f7b3fd34db38c5f385a1406f, type: 3}
      propertyPath: m_LocalEulerAnglesHint.z
      value: -0.00000040439073
      objectReference: {fileID: 0}
    - target: {fileID: 3646396693868516732, guid: ac3e0dc7f7b3fd34db38c5f385a1406f, type: 3}
      propertyPath: m_LocalEulerAnglesHint.x
      value: 9.051193
      objectReference: {fileID: 0}
    - target: {fileID: 3646396693868516732, guid: ac3e0dc7f7b3fd34db38c5f385a1406f, type: 3}
      propertyPath: m_LocalEulerAnglesHint.y
      value: -179.99994
      objectReference: {fileID: 0}
    - target: {fileID: 3646396693868516732, guid: ac3e0dc7f7b3fd34db38c5f385a1406f, type: 3}
      propertyPath: m_LocalEulerAnglesHint.z
      value: 179.99998
      objectReference: {fileID: 0}
    - target: {fileID: 3699898355520597503, guid: ac3e0dc7f7b3fd34db38c5f385a1406f, type: 3}
      propertyPath: m_LocalEulerAnglesHint.x
      value: 0.44580698
      objectReference: {fileID: 0}
    - target: {fileID: 3699898355520597503, guid: ac3e0dc7f7b3fd34db38c5f385a1406f, type: 3}
      propertyPath: m_LocalEulerAnglesHint.y
      value: -4.7345994e-10
      objectReference: {fileID: 0}
    - target: {fileID: 3699898355520597503, guid: ac3e0dc7f7b3fd34db38c5f385a1406f, type: 3}
      propertyPath: m_LocalEulerAnglesHint.z
      value: -0.0000001215963
      objectReference: {fileID: 0}
    - target: {fileID: 4058852915679833821, guid: ac3e0dc7f7b3fd34db38c5f385a1406f, type: 3}
      propertyPath: m_LocalEulerAnglesHint.x
      value: 14.543657
      objectReference: {fileID: 0}
    - target: {fileID: 4058852915679833821, guid: ac3e0dc7f7b3fd34db38c5f385a1406f, type: 3}
      propertyPath: m_LocalEulerAnglesHint.y
      value: -38.065845
      objectReference: {fileID: 0}
    - target: {fileID: 4058852915679833821, guid: ac3e0dc7f7b3fd34db38c5f385a1406f, type: 3}
      propertyPath: m_LocalEulerAnglesHint.z
      value: -6.1105156
      objectReference: {fileID: 0}
    - target: {fileID: 4125953027064283839, guid: ac3e0dc7f7b3fd34db38c5f385a1406f, type: 3}
      propertyPath: m_LocalEulerAnglesHint.x
      value: 66.7481
      objectReference: {fileID: 0}
    - target: {fileID: 4125953027064283839, guid: ac3e0dc7f7b3fd34db38c5f385a1406f, type: 3}
      propertyPath: m_LocalEulerAnglesHint.y
      value: 88.526306
      objectReference: {fileID: 0}
    - target: {fileID: 4125953027064283839, guid: ac3e0dc7f7b3fd34db38c5f385a1406f, type: 3}
      propertyPath: m_LocalEulerAnglesHint.z
      value: 6.5226927
      objectReference: {fileID: 0}
    - target: {fileID: 5375802911415974225, guid: ac3e0dc7f7b3fd34db38c5f385a1406f, type: 3}
      propertyPath: m_LocalEulerAnglesHint.x
      value: 54.899757
      objectReference: {fileID: 0}
    - target: {fileID: 5375802911415974225, guid: ac3e0dc7f7b3fd34db38c5f385a1406f, type: 3}
      propertyPath: m_LocalEulerAnglesHint.y
      value: 71.09306
      objectReference: {fileID: 0}
    - target: {fileID: 5375802911415974225, guid: ac3e0dc7f7b3fd34db38c5f385a1406f, type: 3}
      propertyPath: m_LocalEulerAnglesHint.z
      value: -34.000225
      objectReference: {fileID: 0}
    - target: {fileID: 5392390209365313541, guid: ac3e0dc7f7b3fd34db38c5f385a1406f, type: 3}
      propertyPath: m_LocalEulerAnglesHint.x
      value: 77.493454
      objectReference: {fileID: 0}
    - target: {fileID: 5392390209365313541, guid: ac3e0dc7f7b3fd34db38c5f385a1406f, type: 3}
      propertyPath: m_LocalEulerAnglesHint.y
      value: -179.99992
      objectReference: {fileID: 0}
    - target: {fileID: 5392390209365313541, guid: ac3e0dc7f7b3fd34db38c5f385a1406f, type: 3}
      propertyPath: m_LocalEulerAnglesHint.z
      value: -179.99992
      objectReference: {fileID: 0}
    - target: {fileID: 6124865130931706766, guid: ac3e0dc7f7b3fd34db38c5f385a1406f, type: 3}
      propertyPath: m_LocalEulerAnglesHint.x
      value: 40.226433
      objectReference: {fileID: 0}
    - target: {fileID: 6124865130931706766, guid: ac3e0dc7f7b3fd34db38c5f385a1406f, type: 3}
      propertyPath: m_LocalEulerAnglesHint.y
      value: -4.0527143
      objectReference: {fileID: 0}
    - target: {fileID: 6124865130931706766, guid: ac3e0dc7f7b3fd34db38c5f385a1406f, type: 3}
      propertyPath: m_LocalEulerAnglesHint.z
      value: 17.388447
      objectReference: {fileID: 0}
    - target: {fileID: 6282118811138345987, guid: ac3e0dc7f7b3fd34db38c5f385a1406f, type: 3}
      propertyPath: m_LocalEulerAnglesHint.x
      value: 66.56885
      objectReference: {fileID: 0}
    - target: {fileID: 6282118811138345987, guid: ac3e0dc7f7b3fd34db38c5f385a1406f, type: 3}
      propertyPath: m_LocalEulerAnglesHint.y
      value: 27.259632
      objectReference: {fileID: 0}
    - target: {fileID: 6282118811138345987, guid: ac3e0dc7f7b3fd34db38c5f385a1406f, type: 3}
      propertyPath: m_LocalEulerAnglesHint.z
      value: 13.828863
      objectReference: {fileID: 0}
    - target: {fileID: 6793566720875105240, guid: ac3e0dc7f7b3fd34db38c5f385a1406f, type: 3}
      propertyPath: m_LocalEulerAnglesHint.x
      value: -88.53472
      objectReference: {fileID: 0}
    - target: {fileID: 6793566720875105240, guid: ac3e0dc7f7b3fd34db38c5f385a1406f, type: 3}
      propertyPath: m_LocalEulerAnglesHint.y
      value: 1.2540824
      objectReference: {fileID: 0}
    - target: {fileID: 6793566720875105240, guid: ac3e0dc7f7b3fd34db38c5f385a1406f, type: 3}
      propertyPath: m_LocalEulerAnglesHint.z
      value: -68.30153
      objectReference: {fileID: 0}
    - target: {fileID: 6888806815857526915, guid: ac3e0dc7f7b3fd34db38c5f385a1406f, type: 3}
      propertyPath: m_LocalEulerAnglesHint.x
      value: 14.543728
      objectReference: {fileID: 0}
    - target: {fileID: 6888806815857526915, guid: ac3e0dc7f7b3fd34db38c5f385a1406f, type: 3}
      propertyPath: m_LocalEulerAnglesHint.y
      value: 38.065845
      objectReference: {fileID: 0}
    - target: {fileID: 6888806815857526915, guid: ac3e0dc7f7b3fd34db38c5f385a1406f, type: 3}
      propertyPath: m_LocalEulerAnglesHint.z
      value: 6.110595
      objectReference: {fileID: 0}
    - target: {fileID: 7422788233372283023, guid: ac3e0dc7f7b3fd34db38c5f385a1406f, type: 3}
      propertyPath: m_LocalEulerAnglesHint.x
      value: -78.92267
      objectReference: {fileID: 0}
    - target: {fileID: 7422788233372283023, guid: ac3e0dc7f7b3fd34db38c5f385a1406f, type: 3}
      propertyPath: m_LocalEulerAnglesHint.y
      value: -179.99951
      objectReference: {fileID: 0}
    - target: {fileID: 7422788233372283023, guid: ac3e0dc7f7b3fd34db38c5f385a1406f, type: 3}
      propertyPath: m_LocalEulerAnglesHint.z
      value: 179.99947
      objectReference: {fileID: 0}
    - target: {fileID: 7443613950779878312, guid: ac3e0dc7f7b3fd34db38c5f385a1406f, type: 3}
      propertyPath: m_LocalEulerAnglesHint.x
      value: 66.74809
      objectReference: {fileID: 0}
    - target: {fileID: 7443613950779878312, guid: ac3e0dc7f7b3fd34db38c5f385a1406f, type: 3}
      propertyPath: m_LocalEulerAnglesHint.y
      value: -88.52628
      objectReference: {fileID: 0}
    - target: {fileID: 7443613950779878312, guid: ac3e0dc7f7b3fd34db38c5f385a1406f, type: 3}
      propertyPath: m_LocalEulerAnglesHint.z
      value: -6.522668
      objectReference: {fileID: 0}
    - target: {fileID: 8448624589651575612, guid: ac3e0dc7f7b3fd34db38c5f385a1406f, type: 3}
      propertyPath: m_LocalEulerAnglesHint.x
      value: 66.56884
      objectReference: {fileID: 0}
    - target: {fileID: 8448624589651575612, guid: ac3e0dc7f7b3fd34db38c5f385a1406f, type: 3}
      propertyPath: m_LocalEulerAnglesHint.y
      value: -27.25958
      objectReference: {fileID: 0}
    - target: {fileID: 8448624589651575612, guid: ac3e0dc7f7b3fd34db38c5f385a1406f, type: 3}
      propertyPath: m_LocalEulerAnglesHint.z
      value: -13.828821
      objectReference: {fileID: 0}
    - target: {fileID: 8783784648622281113, guid: ac3e0dc7f7b3fd34db38c5f385a1406f, type: 3}
      propertyPath: m_LocalEulerAnglesHint.x
      value: 65.908165
      objectReference: {fileID: 0}
    - target: {fileID: 8783784648622281113, guid: ac3e0dc7f7b3fd34db38c5f385a1406f, type: 3}
      propertyPath: m_LocalEulerAnglesHint.y
      value: 80.362465
      objectReference: {fileID: 0}
    - target: {fileID: 8783784648622281113, guid: ac3e0dc7f7b3fd34db38c5f385a1406f, type: 3}
      propertyPath: m_LocalEulerAnglesHint.z
      value: -18.703028
      objectReference: {fileID: 0}
    m_RemovedComponents: []
  m_SourcePrefab: {fileID: 100100000, guid: ac3e0dc7f7b3fd34db38c5f385a1406f, type: 3}
--- !u!1 &5148899035460147624 stripped
GameObject:
  m_CorrespondingSourceObject: {fileID: 919132149155446097, guid: ac3e0dc7f7b3fd34db38c5f385a1406f, type: 3}
  m_PrefabInstance: {fileID: 5455541081241887993}
  m_PrefabAsset: {fileID: 0}
--- !u!4 &5494181298459394834 stripped
Transform:
  m_CorrespondingSourceObject: {fileID: -8679921383154817045, guid: ac3e0dc7f7b3fd34db38c5f385a1406f, type: 3}
  m_PrefabInstance: {fileID: 5455541081241887993}
  m_PrefabAsset: {fileID: 0}
