%YAML 1.1
%TAG !u! tag:unity3d.com,2011:
--- !u!1 &2103443412124331671
GameObject:
  m_ObjectHideFlags: 0
  m_CorrespondingSourceObject: {fileID: 0}
  m_PrefabInstance: {fileID: 0}
  m_PrefabAsset: {fileID: 0}
  serializedVersion: 6
  m_Component:
  - component: {fileID: 2103443412124331670}
  - component: {fileID: -7181556908935732952}
  - component: {fileID: 5931427923920032178}
  - component: {fileID: 1584741097631315389}
  m_Layer: 9
  m_Name: Banana
  m_TagString: Product
  m_Icon: {fileID: 0}
  m_NavMeshLayer: 0
  m_StaticEditorFlags: 0
  m_IsActive: 1
--- !u!4 &2103443412124331670
Transform:
  m_ObjectHideFlags: 0
  m_CorrespondingSourceObject: {fileID: 0}
  m_PrefabInstance: {fileID: 0}
  m_PrefabAsset: {fileID: 0}
  m_GameObject: {fileID: 2103443412124331671}
  m_LocalRotation: {x: 0, y: 0, z: 0, w: 1}
  m_LocalPosition: {x: 0, y: 0, z: 0}
  m_LocalScale: {x: 1, y: 1, z: 1}
  m_Children:
  - {fileID: 7847005604246541190}
  m_Father: {fileID: 0}
  m_RootOrder: 0
  m_LocalEulerAnglesHint: {x: 0, y: 0, z: 0}
--- !u!54 &-7181556908935732952
Rigidbody:
  m_ObjectHideFlags: 0
  m_CorrespondingSourceObject: {fileID: 0}
  m_PrefabInstance: {fileID: 0}
  m_PrefabAsset: {fileID: 0}
  m_GameObject: {fileID: 2103443412124331671}
  serializedVersion: 2
  m_Mass: 1
  m_Drag: 0.25
  m_AngularDrag: 0.05
  m_UseGravity: 1
  m_IsKinematic: 0
  m_Interpolate: 1
  m_Constraints: 0
  m_CollisionDetection: 0
--- !u!65 &5931427923920032178
BoxCollider:
  m_ObjectHideFlags: 0
  m_CorrespondingSourceObject: {fileID: 0}
  m_PrefabInstance: {fileID: 0}
  m_PrefabAsset: {fileID: 0}
  m_GameObject: {fileID: 2103443412124331671}
  m_Material: {fileID: 0}
  m_IsTrigger: 1
  m_Enabled: 1
  serializedVersion: 2
  m_Size: {x: 0.5996469, y: 0.27669102, z: 0.106922075}
  m_Center: {x: 0.011636138, y: 0.1483455, z: 0.0031239707}
--- !u!114 &1584741097631315389
MonoBehaviour:
  m_ObjectHideFlags: 0
  m_CorrespondingSourceObject: {fileID: 0}
  m_PrefabInstance: {fileID: 0}
  m_PrefabAsset: {fileID: 0}
  m_GameObject: {fileID: 2103443412124331671}
  m_Enabled: 1
  m_EditorHideFlags: 0
  m_Script: {fileID: 11500000, guid: 01c210ee04d1b3c468f80dfa608f1642, type: 3}
  m_Name: 
  m_EditorClassIdentifier: 
  productType: 5
--- !u!65 &9398403710399214
BoxCollider:
  m_ObjectHideFlags: 0
  m_CorrespondingSourceObject: {fileID: 0}
  m_PrefabInstance: {fileID: 0}
  m_PrefabAsset: {fileID: 0}
  m_GameObject: {fileID: 7470902960854993212}
  m_Material: {fileID: 0}
  m_IsTrigger: 0
  m_Enabled: 1
  serializedVersion: 2
  m_Size: {x: 1.15098, y: 0.21267825, z: 0.40226662}
  m_Center: {x: 0.004503697, y: 0.0029627236, z: 0.23226623}
--- !u!1001 &7740724007059600493
PrefabInstance:
  m_ObjectHideFlags: 0
  serializedVersion: 2
  m_Modification:
    m_TransformParent: {fileID: 2103443412124331670}
    m_Modifications:
    - target: {fileID: -8679921383154817045, guid: ca9daff57a769d044880b89cee647ee1, type: 3}
      propertyPath: m_RootOrder
      value: 0
      objectReference: {fileID: 0}
    - target: {fileID: -8679921383154817045, guid: ca9daff57a769d044880b89cee647ee1, type: 3}
      propertyPath: m_LocalScale.x
      value: 0.5
      objectReference: {fileID: 0}
    - target: {fileID: -8679921383154817045, guid: ca9daff57a769d044880b89cee647ee1, type: 3}
      propertyPath: m_LocalScale.y
      value: 0.5
      objectReference: {fileID: 0}
    - target: {fileID: -8679921383154817045, guid: ca9daff57a769d044880b89cee647ee1, type: 3}
      propertyPath: m_LocalScale.z
      value: 0.5
      objectReference: {fileID: 0}
    - target: {fileID: -8679921383154817045, guid: ca9daff57a769d044880b89cee647ee1, type: 3}
      propertyPath: m_LocalPosition.x
      value: -0
      objectReference: {fileID: 0}
    - target: {fileID: -8679921383154817045, guid: ca9daff57a769d044880b89cee647ee1, type: 3}
      propertyPath: m_LocalPosition.y
      value: 0
      objectReference: {fileID: 0}
    - target: {fileID: -8679921383154817045, guid: ca9daff57a769d044880b89cee647ee1, type: 3}
      propertyPath: m_LocalPosition.z
      value: 0
      objectReference: {fileID: 0}
    - target: {fileID: -8679921383154817045, guid: ca9daff57a769d044880b89cee647ee1, type: 3}
      propertyPath: m_LocalRotation.w
      value: 0.7071067
      objectReference: {fileID: 0}
    - target: {fileID: -8679921383154817045, guid: ca9daff57a769d044880b89cee647ee1, type: 3}
      propertyPath: m_LocalRotation.x
      value: -0.7071068
      objectReference: {fileID: 0}
    - target: {fileID: -8679921383154817045, guid: ca9daff57a769d044880b89cee647ee1, type: 3}
      propertyPath: m_LocalRotation.y
      value: 0
      objectReference: {fileID: 0}
    - target: {fileID: -8679921383154817045, guid: ca9daff57a769d044880b89cee647ee1, type: 3}
      propertyPath: m_LocalRotation.z
      value: -0
      objectReference: {fileID: 0}
    - target: {fileID: -8679921383154817045, guid: ca9daff57a769d044880b89cee647ee1, type: 3}
      propertyPath: m_LocalEulerAnglesHint.x
      value: 0
      objectReference: {fileID: 0}
    - target: {fileID: -8679921383154817045, guid: ca9daff57a769d044880b89cee647ee1, type: 3}
      propertyPath: m_LocalEulerAnglesHint.y
      value: 0
      objectReference: {fileID: 0}
    - target: {fileID: -8679921383154817045, guid: ca9daff57a769d044880b89cee647ee1, type: 3}
      propertyPath: m_LocalEulerAnglesHint.z
      value: 0
      objectReference: {fileID: 0}
    - target: {fileID: -7511558181221131132, guid: ca9daff57a769d044880b89cee647ee1, type: 3}
      propertyPath: m_CastShadows
      value: 0
      objectReference: {fileID: 0}
    - target: {fileID: -7511558181221131132, guid: ca9daff57a769d044880b89cee647ee1, type: 3}
      propertyPath: m_ReceiveShadows
      value: 0
      objectReference: {fileID: 0}
    - target: {fileID: 919132149155446097, guid: ca9daff57a769d044880b89cee647ee1, type: 3}
      propertyPath: m_Name
      value: Banana
      objectReference: {fileID: 0}
    - target: {fileID: 919132149155446097, guid: ca9daff57a769d044880b89cee647ee1, type: 3}
      propertyPath: m_Layer
      value: 9
      objectReference: {fileID: 0}
    m_RemovedComponents: []
  m_SourcePrefab: {fileID: 100100000, guid: ca9daff57a769d044880b89cee647ee1, type: 3}
--- !u!1 &7470902960854993212 stripped
GameObject:
  m_CorrespondingSourceObject: {fileID: 919132149155446097, guid: ca9daff57a769d044880b89cee647ee1, type: 3}
  m_PrefabInstance: {fileID: 7740724007059600493}
  m_PrefabAsset: {fileID: 0}
--- !u!4 &7847005604246541190 stripped
Transform:
  m_CorrespondingSourceObject: {fileID: -8679921383154817045, guid: ca9daff57a769d044880b89cee647ee1, type: 3}
  m_PrefabInstance: {fileID: 7740724007059600493}
  m_PrefabAsset: {fileID: 0}
