%YAML 1.1
%TAG !u! tag:unity3d.com,2011:
--- !u!1 &2103443412124331671
GameObject:
  m_ObjectHideFlags: 0
  m_CorrespondingSourceObject: {fileID: 0}
  m_PrefabInstance: {fileID: 0}
  m_PrefabAsset: {fileID: 0}
  serializedVersion: 6
  m_Component:
  - component: {fileID: 2103443412124331670}
  - component: {fileID: -7181556908935732952}
  - component: {fileID: 5931427923920032178}
  - component: {fileID: -4151295371751266567}
  m_Layer: 9
  m_Name: Watermelon
  m_TagString: Product
  m_Icon: {fileID: 0}
  m_NavMeshLayer: 0
  m_StaticEditorFlags: 0
  m_IsActive: 1
--- !u!4 &2103443412124331670
Transform:
  m_ObjectHideFlags: 0
  m_CorrespondingSourceObject: {fileID: 0}
  m_PrefabInstance: {fileID: 0}
  m_PrefabAsset: {fileID: 0}
  m_GameObject: {fileID: 2103443412124331671}
  m_LocalRotation: {x: 0, y: 0, z: 0, w: 1}
  m_LocalPosition: {x: 0, y: 0, z: 0}
  m_LocalScale: {x: 1, y: 1, z: 1}
  m_Children:
  - {fileID: 6372173806252498355}
  m_Father: {fileID: 0}
  m_RootOrder: 0
  m_LocalEulerAnglesHint: {x: 0, y: 0, z: 0}
--- !u!54 &-7181556908935732952
Rigidbody:
  m_ObjectHideFlags: 0
  m_CorrespondingSourceObject: {fileID: 0}
  m_PrefabInstance: {fileID: 0}
  m_PrefabAsset: {fileID: 0}
  m_GameObject: {fileID: 2103443412124331671}
  serializedVersion: 2
  m_Mass: 1
  m_Drag: 0.25
  m_AngularDrag: 0.05
  m_UseGravity: 1
  m_IsKinematic: 0
  m_Interpolate: 1
  m_Constraints: 0
  m_CollisionDetection: 0
--- !u!65 &5931427923920032178
BoxCollider:
  m_ObjectHideFlags: 0
  m_CorrespondingSourceObject: {fileID: 0}
  m_PrefabInstance: {fileID: 0}
  m_PrefabAsset: {fileID: 0}
  m_GameObject: {fileID: 2103443412124331671}
  m_Material: {fileID: 0}
  m_IsTrigger: 1
  m_Enabled: 1
  serializedVersion: 2
  m_Size: {x: 0.7121709, y: 0.6702807, z: 0.69831204}
  m_Center: {x: -0.003835827, y: 0.34514034, z: -0.09915602}
--- !u!114 &-4151295371751266567
MonoBehaviour:
  m_ObjectHideFlags: 0
  m_CorrespondingSourceObject: {fileID: 0}
  m_PrefabInstance: {fileID: 0}
  m_PrefabAsset: {fileID: 0}
  m_GameObject: {fileID: 2103443412124331671}
  m_Enabled: 1
  m_EditorHideFlags: 0
  m_Script: {fileID: 11500000, guid: 01c210ee04d1b3c468f80dfa608f1642, type: 3}
  m_Name: 
  m_EditorClassIdentifier: 
  productType: 9
--- !u!65 &127284030762389123
BoxCollider:
  m_ObjectHideFlags: 0
  m_CorrespondingSourceObject: {fileID: 0}
  m_PrefabInstance: {fileID: 0}
  m_PrefabAsset: {fileID: 0}
  m_GameObject: {fileID: 5991286122947987209}
  m_Material: {fileID: 0}
  m_IsTrigger: 0
  m_Enabled: 1
  serializedVersion: 2
  m_Size: {x: 2.087924, y: 2.0879238, z: 2.0197675}
  m_Center: {x: -0.00000011920929, y: 0.000000119209275, z: 1.0018586}
--- !u!1001 &6909712795806726744
PrefabInstance:
  m_ObjectHideFlags: 0
  serializedVersion: 2
  m_Modification:
    m_TransformParent: {fileID: 2103443412124331670}
    m_Modifications:
    - target: {fileID: -8679921383154817045, guid: 4c1d5452fd6963b45928a5c851e620f6, type: 3}
      propertyPath: m_RootOrder
      value: 0
      objectReference: {fileID: 0}
    - target: {fileID: -8679921383154817045, guid: 4c1d5452fd6963b45928a5c851e620f6, type: 3}
      propertyPath: m_LocalScale.x
      value: 0.3
      objectReference: {fileID: 0}
    - target: {fileID: -8679921383154817045, guid: 4c1d5452fd6963b45928a5c851e620f6, type: 3}
      propertyPath: m_LocalScale.y
      value: 0.3
      objectReference: {fileID: 0}
    - target: {fileID: -8679921383154817045, guid: 4c1d5452fd6963b45928a5c851e620f6, type: 3}
      propertyPath: m_LocalScale.z
      value: 0.3
      objectReference: {fileID: 0}
    - target: {fileID: -8679921383154817045, guid: 4c1d5452fd6963b45928a5c851e620f6, type: 3}
      propertyPath: m_LocalPosition.x
      value: -0
      objectReference: {fileID: 0}
    - target: {fileID: -8679921383154817045, guid: 4c1d5452fd6963b45928a5c851e620f6, type: 3}
      propertyPath: m_LocalPosition.y
      value: 0.1408
      objectReference: {fileID: 0}
    - target: {fileID: -8679921383154817045, guid: 4c1d5452fd6963b45928a5c851e620f6, type: 3}
      propertyPath: m_LocalPosition.z
      value: -0.1454
      objectReference: {fileID: 0}
    - target: {fileID: -8679921383154817045, guid: 4c1d5452fd6963b45928a5c851e620f6, type: 3}
      propertyPath: m_LocalRotation.w
      value: 0.7071067
      objectReference: {fileID: 0}
    - target: {fileID: -8679921383154817045, guid: 4c1d5452fd6963b45928a5c851e620f6, type: 3}
      propertyPath: m_LocalRotation.x
      value: -0.7071068
      objectReference: {fileID: 0}
    - target: {fileID: -8679921383154817045, guid: 4c1d5452fd6963b45928a5c851e620f6, type: 3}
      propertyPath: m_LocalRotation.y
      value: 0
      objectReference: {fileID: 0}
    - target: {fileID: -8679921383154817045, guid: 4c1d5452fd6963b45928a5c851e620f6, type: 3}
      propertyPath: m_LocalRotation.z
      value: -0
      objectReference: {fileID: 0}
    - target: {fileID: -8679921383154817045, guid: 4c1d5452fd6963b45928a5c851e620f6, type: 3}
      propertyPath: m_LocalEulerAnglesHint.x
      value: 0
      objectReference: {fileID: 0}
    - target: {fileID: -8679921383154817045, guid: 4c1d5452fd6963b45928a5c851e620f6, type: 3}
      propertyPath: m_LocalEulerAnglesHint.y
      value: 0
      objectReference: {fileID: 0}
    - target: {fileID: -8679921383154817045, guid: 4c1d5452fd6963b45928a5c851e620f6, type: 3}
      propertyPath: m_LocalEulerAnglesHint.z
      value: 0
      objectReference: {fileID: 0}
    - target: {fileID: -7511558181221131132, guid: 4c1d5452fd6963b45928a5c851e620f6, type: 3}
      propertyPath: m_CastShadows
      value: 0
      objectReference: {fileID: 0}
    - target: {fileID: -7511558181221131132, guid: 4c1d5452fd6963b45928a5c851e620f6, type: 3}
      propertyPath: m_ReceiveShadows
      value: 0
      objectReference: {fileID: 0}
    - target: {fileID: -7511558181221131132, guid: 4c1d5452fd6963b45928a5c851e620f6, type: 3}
      propertyPath: m_Materials.Array.data[0]
      value: 
      objectReference: {fileID: 2100000, guid: fb81100499b9c6b42b24418553cdb974, type: 2}
    - target: {fileID: 919132149155446097, guid: 4c1d5452fd6963b45928a5c851e620f6, type: 3}
      propertyPath: m_Name
      value: Watermelon
      objectReference: {fileID: 0}
    - target: {fileID: 919132149155446097, guid: 4c1d5452fd6963b45928a5c851e620f6, type: 3}
      propertyPath: m_Layer
      value: 9
      objectReference: {fileID: 0}
    m_RemovedComponents: []
  m_SourcePrefab: {fileID: 100100000, guid: 4c1d5452fd6963b45928a5c851e620f6, type: 3}
--- !u!1 &5991286122947987209 stripped
GameObject:
  m_CorrespondingSourceObject: {fileID: 919132149155446097, guid: 4c1d5452fd6963b45928a5c851e620f6, type: 3}
  m_PrefabInstance: {fileID: 6909712795806726744}
  m_PrefabAsset: {fileID: 0}
--- !u!4 &6372173806252498355 stripped
Transform:
  m_CorrespondingSourceObject: {fileID: -8679921383154817045, guid: 4c1d5452fd6963b45928a5c851e620f6, type: 3}
  m_PrefabInstance: {fileID: 6909712795806726744}
  m_PrefabAsset: {fileID: 0}
